<record><leader>00000cas a22000007a 4500</leader><controlfield tag="001">13775938</controlfield><controlfield tag="008">860625d18771881nvucr ne      0    0eng d</controlfield><datafield ind1=" " ind2=" " tag="010"><subfield code="a">sn 86076251 </subfield></datafield><datafield ind1=" " ind2=" " tag="040"><subfield code="a">NNX</subfield><subfield code="b">eng</subfield><subfield code="c">NNX</subfield><subfield code="d">DLC</subfield><subfield code="d">CNK</subfield><subfield code="d">OCLCQ</subfield></datafield><datafield ind1=" " ind2=" " tag="042"><subfield code="a">msc</subfield></datafield><datafield ind1="0" ind2=" " tag="130"><subfield code="a">Battle Mountain messenger (Battle Mountain, Nev. : 1877)</subfield></datafield><datafield ind1="1" ind2="0" tag="245"><subfield code="a">Battle Mountain messenger.</subfield></datafield><datafield ind1=" " ind2=" " tag="260"><subfield code="a">Battle Mountain, Nev. :</subfield><subfield code="b">[s.n.],</subfield><subfield code="c">-1881.</subfield></datafield><datafield ind1=" " ind2=" " tag="310"><subfield code="a">Semiweekly</subfield></datafield><datafield ind1=" " ind2=" " tag="321"><subfield code="a">Frequency varies</subfield></datafield><datafield ind1="1" ind2=" " tag="362"><subfield code="a">Began with May 19, 1877 issue.</subfield><subfield code="z">Cf. Lingenfelter, R. Newspapers of Nev., 1854-1979.</subfield></datafield><datafield ind1="0" ind2=" " tag="362"><subfield code="a">-v. 5, no. 34 (Sept. 17, 1881).</subfield></datafield><datafield ind1=" " ind2=" " tag="500"><subfield code="a">Publisher: Nov. 16, 1878-Jan. 25, 1879, Robins &amp; Sterling; Feb. 8, 1879-Apr. 5, 1879, J. Sterling; Apr. 12, 1879-Dec. 6, 1879, E.A. Scott; Dec. 13, 1879-&lt;Dec. 18, 1880&gt;, Spoule &amp; Davis; &lt;June 18, 1881&gt;-Sept. 17, 1881, E.A. Scott.</subfield></datafield><datafield ind1=" " ind2=" " tag="588"><subfield code="a">Description based on: Vol. 1, no. 42 (Dec. 15, 1877).</subfield></datafield><datafield ind1=" " ind2=" " tag="752"><subfield code="a">United States</subfield><subfield code="b">Nevada</subfield><subfield code="c">Lander</subfield><subfield code="d">Battle Mountain.</subfield></datafield><datafield ind1="0" ind2="0" tag="785"><subfield code="t">Battle Mountain weekly messenger</subfield><subfield code="w">(DLC)sn 86076250</subfield><subfield code="w">(OCoLC)13775909</subfield></datafield><datafield ind1="1" ind2=" " tag="029"><subfield code="a">AU@</subfield><subfield code="b">000023482683</subfield></datafield></record>